@ARTICLE{Karras:2012,
   author = {Karras, T.},
   title = {Maximizing Parallelism in the Construction of BVHs, Octrees, and k-d Trees},
   journal = {High Performance Graphics},
   year = {2012}
}